@misc{yihanwebsite,
  author = {Tong Liu},
  title = {Sitoweb del dizionario YiHan},
  note = {\url{https://www.yihan.it}},
}

@misc{yihanapp,
  author = {Tong Liu},
  title = {Yihan su App Store},
  note = {\url{https://itunes.apple.com/se/app/bo-da-yi-han-ci-dian/id881214823}},
}

@article{misir2017alors,
  title={Alors: An algorithm recommender system},
  author={M{\i}s{\i}r, Mustafa and Sebag, Mich{\`e}le},
  journal={Artificial Intelligence},
  volume={244},
  pages={291--314},
  year={2017},
  publisher={Elsevier}
}

@article{altman1992introduction,
  title={An introduction to kernel and nearest-neighbor nonparametric regression},
  author={Altman, Naomi S},
  journal={The American Statistician},
  volume={46},
  number={3},
  pages={175--185},
  year={1992},
  publisher={Taylor \& Francis Group}
}
@inproceedings{amadini2015feature,
  title={Feature selection for SUNNY: A study on the algorithm selection library},
  author={Amadini, Roberto and Biselli, Fabio and Gabbrielli, Maurizio and Liu, Tong and Mauro, Jacopo},
  booktitle={2015 IEEE 27th International Conference on Tools with Artificial Intelligence (ICTAI)},
  pages={25--32},
  year={2015},
  organization={IEEE}
}

@inproceedings{amadini2015sunny,
  title={SUNNY-CP: a sequential CP portfolio solver},
  author={Amadini, Roberto and Gabbrielli, Maurizio and Mauro, Jacopo},
  booktitle={Proceedings of the 30th Annual ACM Symposium on Applied Computing},
  pages={1861--1867},
  year={2015},
  organization={ACM}
}

@inproceedings{liu2017sunny,
  title={Sunny with algorithm configuration},
  author={Liu, Tong and Amadini, Roberto and Mauro, Jacopo},
  booktitle={OASC 2017-Open Algorithm Selection Challenge},
  pages={12--14},
  year={2017}
}


@misc{kay2010contextual,
  title={Contextual prediction of user words and user actions},
  author={Kay, David Jon and Bradford, Ethan R and van Meurs, Pim and Peddie, Peter C},
  year={2010},
  month=mar # "~16",
  publisher={Google Patents},
  note={US Patent 7,679,534}
}

@inproceedings{herlocker1999algorithmic,
  title={An algorithmic framework for performing collaborative filtering},
  author={Herlocker, Jonathan L and Konstan, Joseph A and Borchers, Al and Riedl, John},
  booktitle={22nd Annual International ACM SIGIR Conference on Research and Development in Information Retrieval, SIGIR 1999},
  pages={230--237},
  year={1999},
  organization={Association for Computing Machinery, Inc}
}

@incollection{ricci2011introduction,
  title={Introduction to recommender systems handbook},
  author={Ricci, Francesco and Rokach, Lior and Shapira, Bracha},
  booktitle={Recommender systems handbook},
  pages={1--35},
  year={2011},
  publisher={Springer}
}

@misc{bower2011context,
  title={Context based word prediction},
  author={Bower, Jason and Furuuchi, Kenji and Liu, Simon and Morimoto, Kenichi and Robbins, Daryn and Laughlin, Chet and Davis, Peter},
  year={2011},
  month=mar # "~22",
  publisher={Google Patents},
  note={US Patent 7,912,700}
}

@misc{zaenen1997context,
  title={Context-sensitive method of finding information about a word in an electronic dictionary},
  author={Zaenen, Annie E and Karttunen, Lauri J},
  year={1997},
  month=jun # "~24",
  publisher={Google Patents},
  note={US Patent 5,642,522}
}

@misc{miller1998word,
  title={Word prediction system},
  author={Miller, John W},
  year={1998},
  month=sep # "~8",
  publisher={Google Patents},
  note={US Patent 5,805,911}
}